<?xml version="1.0" encoding="UTF-8"?><collection xmlns="http://www.loc.gov/MARC21/slim"><record><leader>00639nam--2200181-i-4500</leader><controlfield tag="001">000038373</controlfield><controlfield tag="002">20161230</controlfield><controlfield tag="005">20161230201041</controlfield><controlfield tag="008">060222s1000------------r-----000-0-fre-d</controlfield><datafield ind1=" " ind2=" " tag="040"><subfield code="a">IFIN-HH</subfield></datafield><datafield ind1=" " ind2=" " tag="041"><subfield code="a">fre</subfield></datafield><datafield ind1=" " ind2=" " tag="080"><subfield code="a">537.533.35(043)</subfield></datafield><datafield ind1="1" ind2=" " tag="100"><subfield code="a">Renard Nee Milliez, Daniele</subfield></datafield><datafield ind1="1" ind2="0" tag="245"><subfield code="a">Formation d`images electroniques de monocristaux d`or a temperature ambiante et a basse temperature: etude des parametres de diffusion inelastique</subfield><subfield code="b">These</subfield><subfield code="c">Danielle renard nee milliez</subfield></datafield><datafield ind1=" " ind2=" " tag="260"><subfield code="a">Orsay</subfield><subfield code="b">L`Institute D`Optique, Faculte Des Sciences Orsay</subfield><subfield code="c">1973</subfield></datafield><datafield ind1=" " ind2=" " tag="300"><subfield code="a">14P</subfield></datafield><datafield ind1=" " ind2=" " tag="852"><subfield code="a">40690</subfield><subfield code="c">537.533.35</subfield></datafield><datafield ind1=" " ind2=" " tag="CAT"><subfield code="a">Sys</subfield><subfield code="c">20110905</subfield><subfield code="h">154637</subfield></datafield></record></collection>